@inproceedings{trakarnchaiyo2017vibration,
  title={Vibration suppression design for virtual compliance control in bilateral teleoperation},
  author={Trakarnchaiyo, Chanuphon and Abeykoon, AM Harsha S},
  booktitle={Control and Robotics Engineering (ICCRE), 2017 2nd International Conference on},
  pages={57--62},
  year={2017},
  organization={IEEE}
}

@article{hokayem2006bilateral,
	title={Bilateral teleoperation: An historical survey},
	author={Hokayem, Peter F and Spong, Mark W},
	journal={Automatica},
	volume={42},
	number={12},
	pages={2035--2057},
	year={2006},
	publisher={Elsevier}
}