@article{lanzon2014flight,
	title={Flight control of a quadrotor vehicle subsequent to a rotor failure},
	author={Lanzon, Alexander and Freddi, Alessandro and Longhi, Sauro},
	journal={Journal of Guidance, Control, and Dynamics},
	volume={37},
	number={2},
	pages={580--591},
	year={2014},
	publisher={American Institute of Aeronautics and Astronautics}
}

@article{freddi2011feedback,
	title={A feedback linearization approach to fault tolerance in quadrotor vehicles},
	author={Freddi, Alessandro and Lanzon, Alexander and Longhi, Sauro},
	journal={IFAC Proceedings Volumes},
	volume={44},
	number={1},
	pages={5413--5418},
	year={2011},
	publisher={Elsevier}
}

@book{slotine1991applied,
	title={Applied nonlinear control},
	author={Slotine, Jean-Jacques E and Li, Weiping and others},
	volume={199},
	number={1},
	year={1991},
	publisher={Prentice hall Englewood Cliffs, NJ}
}

@book{isidori2013nonlinear,
	title={Nonlinear control systems},
	author={Isidori, Alberto},
	year={2013},
	publisher={Springer Science \& Business Media}
}
